1111111111111111111111111111111111111111111111111111111111111111111111111111111111111111111111111111111111111111111111111111111111111111111111111111111111111111111111111111111111111111111111111111111111
22222222222222222222222222222222222222222222222222222222222222222222222222222222222222222222222222222222222222222222222222222222222222222222222222222222222222222222222222222222222222222222222222222222
33333333333333333333333333333333333333333333333333333333333333333333333333333333333333333333333333333333333333333333333333333333333333333333333333333333333333333333333333333333333333333333333333333333
44444444444444444444444444444444444444444444444444444444444444444444444444444444444444444444444444444444444444444444444444444444444444444444444444444444444444444444444444444444444444444444444444444444
55555555555555555555555555555555555555555555555555555555555555555555555555555555555555555555555555555555555555555555555555555555555555555555555555555555555555555555555555555555555555555555555555555555
66666666666666666666666666666666666666666666666666666666666666666666666666666666666666666666666666666666666666666666666666666666666666666666666666666666666666666666666666666666666666666666666666666666
77777777777777777777777777777777777777777777777777777777777777777777777777777777777777777777777777777777777777777777777777777777777777777777777777777777777777777777777777777777777777777777777777777777
88888888888888888888888888888888888888888888888888888888888888888888888888888888888888888888888888888888888888888888888888888888888888888888888888888888888888888888888888888888888888888888888888888888
99999999999999999999999999999999999999999999999999999999999999999999999999999999999999999999999999999999999999999999999999999999999999999999999999999999999999999999999999999999999999999999999999999999
1010101010101010101010101010101010101010101010101010101010101010101010101010101010101010101010101010101010101010101010101010101010101010101010101010101010101010101010101010101010101010101010101010101010101010101010101010101010101010101010101010101010101010101010101010101010101010101010101010101010101010101010101010101010101010101010101010101010101010101010101010101010101010101010101010101010101010
1111111111111111111111111111111111111111111111111111111111111111111111111111111111111111111111111111111111111111111111111111111111111111111111111111111111111111111111111111111111111111111111111111111111111111111111111111111111111111111111111111111111111111111111111111111111111111111111111111111111111111111111111111111111111111111111111111111111111111111111111111111111111111111111111111111111111111
1212121212121212121212121212121212121212121212121212121212121212121212121212121212121212121212121212121212121212121212121212121212121212121212121212121212121212121212121212121212121212121212121212121212121212121212121212121212121212121212121212121212121212121212121212121212121212121212121212121212121212121212121212121212121212121212121212121212121212121212121212121212121212121212121212121212121212
1313131313131313131313131313131313131313131313131313131313131313131313131313131313131313131313131313131313131313131313131313131313131313131313131313131313131313131313131313131313131313131313131313131313131313131313131313131313131313131313131313131313131313131313131313131313131313131313131313131313131313131313131313131313131313131313131313131313131313131313131313131313131313131313131313131313131313
1414141414141414141414141414141414141414141414141414141414141414141414141414141414141414141414141414141414141414141414141414141414141414141414141414141414141414141414141414141414141414141414141414141414141414141414141414141414141414141414141414141414141414141414141414141414141414141414141414141414141414141414141414141414141414141414141414141414141414141414141414141414141414141414141414141414141414
1515151515151515151515151515151515151515151515151515151515151515151515151515151515151515151515151515151515151515151515151515151515151515151515151515151515151515151515151515151515151515151515151515151515151515151515151515151515151515151515151515151515151515151515151515151515151515151515151515151515151515151515151515151515151515151515151515151515151515151515151515151515151515151515151515151515151515
1616161616161616161616161616161616161616161616161616161616161616161616161616161616161616161616161616161616161616161616161616161616161616161616161616161616161616161616161616161616161616161616161616161616161616161616161616161616161616161616161616161616161616161616161616161616161616161616161616161616161616161616161616161616161616161616161616161616161616161616161616161616161616161616161616161616161616
1717171717171717171717171717171717171717171717171717171717171717171717171717171717171717171717171717171717171717171717171717171717171717171717171717171717171717171717171717171717171717171717171717171717171717171717171717171717171717171717171717171717171717171717171717171717171717171717171717171717171717171717171717171717171717171717171717171717171717171717171717171717171717171717171717171717171717
1818181818181818181818181818181818181818181818181818181818181818181818181818181818181818181818181818181818181818181818181818181818181818181818181818181818181818181818181818181818181818181818181818181818181818181818181818181818181818181818181818181818181818181818181818181818181818181818181818181818181818181818181818181818181818181818181818181818181818181818181818181818181818181818181818181818181818
1919191919191919191919191919191919191919191919191919191919191919191919191919191919191919191919191919191919191919191919191919191919191919191919191919191919191919191919191919191919191919191919191919191919191919191919191919191919191919191919191919191919191919191919191919191919191919191919191919191919191919191919191919191919191919191919191919191919191919191919191919191919191919191919191919191919191919
2020202020202020202020202020202020202020202020202020202020202020202020202020202020202020202020202020202020202020202020202020202020202020202020202020202020202020202020202020202020202020202020202020202020202020202020202020202020202020202020202020202020202020202020202020202020202020202020202020202020202020202020202020202020202020202020202020202020202020202020202020202020202020202020202020202020202020
2121212121212121212121212121212121212121212121212121212121212121212121212121212121212121212121212121212121212121212121212121212121212121212121212121212121212121212121212121212121212121212121212121212121212121212121212121212121212121212121212121212121212121212121212121212121212121212121212121212121212121212121212121212121212121212121212121212121212121212121212121212121212121212121212121212121212121
2222222222222222222222222222222222222222222222222222222222222222222222222222222222222222222222222222222222222222222222222222222222222222222222222222222222222222222222222222222222222222222222222222222222222222222222222222222222222222222222222222222222222222222222222222222222222222222222222222222222222222222222222222222222222222222222222222222222222222222222222222222222222222222222222222222222222222
2323232323232323232323232323232323232323232323232323232323232323232323232323232323232323232323232323232323232323232323232323232323232323232323232323232323232323232323232323232323232323232323232323232323232323232323232323232323232323232323232323232323232323232323232323232323232323232323232323232323232323232323232323232323232323232323232323232323232323232323232323232323232323232323232323232323232323
2424242424242424242424242424242424242424242424242424242424242424242424242424242424242424242424242424242424242424242424242424242424242424242424242424242424242424242424242424242424242424242424242424242424242424242424242424242424242424242424242424242424242424242424242424242424242424242424242424242424242424242424242424242424242424242424242424242424242424242424242424242424242424242424242424242424242424
2525252525252525252525252525252525252525252525252525252525252525252525252525252525252525252525252525252525252525252525252525252525252525252525252525252525252525252525252525252525252525252525252525252525252525252525252525252525252525252525252525252525252525252525252525252525252525252525252525252525252525252525252525252525252525252525252525252525252525252525252525252525252525252525252525252525252525
2626262626262626262626262626262626262626262626262626262626262626262626262626262626262626262626262626262626262626262626262626262626262626262626262626262626262626262626262626262626262626262626262626262626262626262626262626262626262626262626262626262626262626262626262626262626262626262626262626262626262626262626262626262626262626262626262626262626262626262626262626262626262626262626262626262626262626
2727272727272727272727272727272727272727272727272727272727272727272727272727272727272727272727272727272727272727272727272727272727272727272727272727272727272727272727272727272727272727272727272727272727272727272727272727272727272727272727272727272727272727272727272727272727272727272727272727272727272727272727272727272727272727272727272727272727272727272727272727272727272727272727272727272727272727
2828282828282828282828282828282828282828282828282828282828282828282828282828282828282828282828282828282828282828282828282828282828282828282828282828282828282828282828282828282828282828282828282828282828282828282828282828282828282828282828282828282828282828282828282828282828282828282828282828282828282828282828282828282828282828282828282828282828282828282828282828282828282828282828282828282828282828
2929292929292929292929292929292929292929292929292929292929292929292929292929292929292929292929292929292929292929292929292929292929292929292929292929292929292929292929292929292929292929292929292929292929292929292929292929292929292929292929292929292929292929292929292929292929292929292929292929292929292929292929292929292929292929292929292929292929292929292929292929292929292929292929292929292929292929
3030303030303030303030303030303030303030303030303030303030303030303030303030303030303030303030303030303030303030303030303030303030303030303030303030303030303030303030303030303030303030303030303030303030303030303030303030303030303030303030303030303030303030303030303030303030303030303030303030303030303030303030303030303030303030303030303030303030303030303030303030303030303030303030303030303030303030
3131313131313131313131313131313131313131313131313131313131313131313131313131313131313131313131313131313131313131313131313131313131313131313131313131313131313131313131313131313131313131313131313131313131313131313131313131313131313131313131313131313131313131313131313131313131313131313131313131313131313131313131313131313131313131313131313131313131313131313131313131313131313131313131313131313131313131
3232323232323232323232323232323232323232323232323232323232323232323232323232323232323232323232323232323232323232323232323232323232323232323232323232323232323232323232323232323232323232323232323232323232323232323232323232323232323232323232323232323232323232323232323232323232323232323232323232323232323232323232323232323232323232323232323232323232323232323232323232323232323232323232323232323232323232
3333333333333333333333333333333333333333333333333333333333333333333333333333333333333333333333333333333333333333333333333333333333333333333333333333333333333333333333333333333333333333333333333333333333333333333333333333333333333333333333333333333333333333333333333333333333333333333333333333333333333333333333333333333333333333333333333333333333333333333333333333333333333333333333333333333333333333
3434343434343434343434343434343434343434343434343434343434343434343434343434343434343434343434343434343434343434343434343434343434343434343434343434343434343434343434343434343434343434343434343434343434343434343434343434343434343434343434343434343434343434343434343434343434343434343434343434343434343434343434343434343434343434343434343434343434343434343434343434343434343434343434343434343434343434
3535353535353535353535353535353535353535353535353535353535353535353535353535353535353535353535353535353535353535353535353535353535353535353535353535353535353535353535353535353535353535353535353535353535353535353535353535353535353535353535353535353535353535353535353535353535353535353535353535353535353535353535353535353535353535353535353535353535353535353535353535353535353535353535353535353535353535
3636363636363636363636363636363636363636363636363636363636363636363636363636363636363636363636363636363636363636363636363636363636363636363636363636363636363636363636363636363636363636363636363636363636363636363636363636363636363636363636363636363636363636363636363636363636363636363636363636363636363636363636363636363636363636363636363636363636363636363636363636363636363636363636363636363636363636
3737373737373737373737373737373737373737373737373737373737373737373737373737373737373737373737373737373737373737373737373737373737373737373737373737373737373737373737373737373737373737373737373737373737373737373737373737373737373737373737373737373737373737373737373737373737373737373737373737373737373737373737373737373737373737373737373737373737373737373737373737373737373737373737373737373737373737
3838383838383838383838383838383838383838383838383838383838383838383838383838383838383838383838383838383838383838383838383838383838383838383838383838383838383838383838383838383838383838383838383838383838383838383838383838383838383838383838383838383838383838383838383838383838383838383838383838383838383838383838383838383838383838383838383838383838383838383838383838383838383838383838383838383838383838
3939393939393939393939393939393939393939393939393939393939393939393939393939393939393939393939393939393939393939393939393939393939393939393939393939393939393939393939393939393939393939393939393939393939393939393939393939393939393939393939393939393939393939393939393939393939393939393939393939393939393939393939393939393939393939393939393939393939393939393939393939393939393939393939393939393939393939
4040404040404040404040404040404040404040404040404040404040404040404040404040404040404040404040404040404040404040404040404040404040404040404040404040404040404040404040404040404040404040404040404040404040404040404040404040404040404040404040404040404040404040404040404040404040404040404040404040404040404040404040404040404040404040404040404040404040404040404040404040404040404040404040404040404040404040
4141414141414141414141414141414141414141414141414141414141414141414141414141414141414141414141414141414141414141414141414141414141414141414141414141414141414141414141414141414141414141414141414141414141414141414141414141414141414141414141414141414141414141414141414141414141414141414141414141414141414141414141414141414141414141414141414141414141414141414141414141414141414141414141414141414141414141
4242424242424242424242424242424242424242424242424242424242424242424242424242424242424242424242424242424242424242424242424242424242424242424242424242424242424242424242424242424242424242424242424242424242424242424242424242424242424242424242424242424242424242424242424242424242424242424242424242424242424242424242424242424242424242424242424242424242424242424242424242424242424242424242424242424242424242
4343434343434343434343434343434343434343434343434343434343434343434343434343434343434343434343434343434343434343434343434343434343434343434343434343434343434343434343434343434343434343434343434343434343434343434343434343434343434343434343434343434343434343434343434343434343434343434343434343434343434343434343434343434343434343434343434343434343434343434343434343434343434343434343434343434343434343
4444444444444444444444444444444444444444444444444444444444444444444444444444444444444444444444444444444444444444444444444444444444444444444444444444444444444444444444444444444444444444444444444444444444444444444444444444444444444444444444444444444444444444444444444444444444444444444444444444444444444444444444444444444444444444444444444444444444444444444444444444444444444444444444444444444444444444
4545454545454545454545454545454545454545454545454545454545454545454545454545454545454545454545454545454545454545454545454545454545454545454545454545454545454545454545454545454545454545454545454545454545454545454545454545454545454545454545454545454545454545454545454545454545454545454545454545454545454545454545454545454545454545454545454545454545454545454545454545454545454545454545454545454545454545
4646464646464646464646464646464646464646464646464646464646464646464646464646464646464646464646464646464646464646464646464646464646464646464646464646464646464646464646464646464646464646464646464646464646464646464646464646464646464646464646464646464646464646464646464646464646464646464646464646464646464646464646464646464646464646464646464646464646464646464646464646464646464646464646464646464646464646
4747474747474747474747474747474747474747474747474747474747474747474747474747474747474747474747474747474747474747474747474747474747474747474747474747474747474747474747474747474747474747474747474747474747474747474747474747474747474747474747474747474747474747474747474747474747474747474747474747474747474747474747474747474747474747474747474747474747474747474747474747474747474747474747474747474747474747
4848484848484848484848484848484848484848484848484848484848484848484848484848484848484848484848484848484848484848484848484848484848484848484848484848484848484848484848484848484848484848484848484848484848484848484848484848484848484848484848484848484848484848484848484848484848484848484848484848484848484848484848484848484848484848484848484848484848484848484848484848484848484848484848484848484848484848
4949494949494949494949494949494949494949494949494949494949494949494949494949494949494949494949494949494949494949494949494949494949494949494949494949494949494949494949494949494949494949494949494949494949494949494949494949494949494949494949494949494949494949494949494949494949494949494949494949494949494949494949494949494949494949494949494949494949494949494949494949494949494949494949494949494949494949
5050505050505050505050505050505050505050505050505050505050505050505050505050505050505050505050505050505050505050505050505050505050505050505050505050505050505050505050505050505050505050505050505050505050505050505050505050505050505050505050505050505050505050505050505050505050505050505050505050505050505050505050505050505050505050505050505050505050505050505050505050505050505050505050505050505050505050
5151515151515151515151515151515151515151515151515151515151515151515151515151515151515151515151515151515151515151515151515151515151515151515151515151515151515151515151515151515151515151515151515151515151515151515151515151515151515151515151515151515151515151515151515151515151515151515151515151515151515151515151515151515151515151515151515151515151515151515151515151515151515151515151515151515151515151
5252525252525252525252525252525252525252525252525252525252525252525252525252525252525252525252525252525252525252525252525252525252525252525252525252525252525252525252525252525252525252525252525252525252525252525252525252525252525252525252525252525252525252525252525252525252525252525252525252525252525252525252525252525252525252525252525252525252525252525252525252525252525252525252525252525252525252
5353535353535353535353535353535353535353535353535353535353535353535353535353535353535353535353535353535353535353535353535353535353535353535353535353535353535353535353535353535353535353535353535353535353535353535353535353535353535353535353535353535353535353535353535353535353535353535353535353535353535353535353535353535353535353535353535353535353535353535353535353535353535353535353535353535353535353
5454545454545454545454545454545454545454545454545454545454545454545454545454545454545454545454545454545454545454545454545454545454545454545454545454545454545454545454545454545454545454545454545454545454545454545454545454545454545454545454545454545454545454545454545454545454545454545454545454545454545454545454545454545454545454545454545454545454545454545454545454545454545454545454545454545454545454
5555555555555555555555555555555555555555555555555555555555555555555555555555555555555555555555555555555555555555555555555555555555555555555555555555555555555555555555555555555555555555555555555555555555555555555555555555555555555555555555555555555555555555555555555555555555555555555555555555555555555555555555555555555555555555555555555555555555555555555555555555555555555555555555555555555555555555
5656565656565656565656565656565656565656565656565656565656565656565656565656565656565656565656565656565656565656565656565656565656565656565656565656565656565656565656565656565656565656565656565656565656565656565656565656565656565656565656565656565656565656565656565656565656565656565656565656565656565656565656565656565656565656565656565656565656565656565656565656565656565656565656565656565656565656
5757575757575757575757575757575757575757575757575757575757575757575757575757575757575757575757575757575757575757575757575757575757575757575757575757575757575757575757575757575757575757575757575757575757575757575757575757575757575757575757575757575757575757575757575757575757575757575757575757575757575757575757575757575757575757575757575757575757575757575757575757575757575757575757575757575757575757
5858585858585858585858585858585858585858585858585858585858585858585858585858585858585858585858585858585858585858585858585858585858585858585858585858585858585858585858585858585858585858585858585858585858585858585858585858585858585858585858585858585858585858585858585858585858585858585858585858585858585858585858585858585858585858585858585858585858585858585858585858585858585858585858585858585858585858
5959595959595959595959595959595959595959595959595959595959595959595959595959595959595959595959595959595959595959595959595959595959595959595959595959595959595959595959595959595959595959595959595959595959595959595959595959595959595959595959595959595959595959595959595959595959595959595959595959595959595959595959595959595959595959595959595959595959595959595959595959595959595959595959595959595959595959
6060606060606060606060606060606060606060606060606060606060606060606060606060606060606060606060606060606060606060606060606060606060606060606060606060606060606060606060606060606060606060606060606060606060606060606060606060606060606060606060606060606060606060606060606060606060606060606060606060606060606060606060606060606060606060606060606060606060606060606060606060606060606060606060606060606060606060
6161616161616161616161616161616161616161616161616161616161616161616161616161616161616161616161616161616161616161616161616161616161616161616161616161616161616161616161616161616161616161616161616161616161616161616161616161616161616161616161616161616161616161616161616161616161616161616161616161616161616161616161616161616161616161616161616161616161616161616161616161616161616161616161616161616161616161
6262626262626262626262626262626262626262626262626262626262626262626262626262626262626262626262626262626262626262626262626262626262626262626262626262626262626262626262626262626262626262626262626262626262626262626262626262626262626262626262626262626262626262626262626262626262626262626262626262626262626262626262626262626262626262626262626262626262626262626262626262626262626262626262626262626262626262
6363636363636363636363636363636363636363636363636363636363636363636363636363636363636363636363636363636363636363636363636363636363636363636363636363636363636363636363636363636363636363636363636363636363636363636363636363636363636363636363636363636363636363636363636363636363636363636363636363636363636363636363636363636363636363636363636363636363636363636363636363636363636363636363636363636363636363
6464646464646464646464646464646464646464646464646464646464646464646464646464646464646464646464646464646464646464646464646464646464646464646464646464646464646464646464646464646464646464646464646464646464646464646464646464646464646464646464646464646464646464646464646464646464646464646464646464646464646464646464646464646464646464646464646464646464646464646464646464646464646464646464646464646464646464
6565656565656565656565656565656565656565656565656565656565656565656565656565656565656565656565656565656565656565656565656565656565656565656565656565656565656565656565656565656565656565656565656565656565656565656565656565656565656565656565656565656565656565656565656565656565656565656565656565656565656565656565656565656565656565656565656565656565656565656565656565656565656565656565656565656565656565
6666666666666666666666666666666666666666666666666666666666666666666666666666666666666666666666666666666666666666666666666666666666666666666666666666666666666666666666666666666666666666666666666666666666666666666666666666666666666666666666666666666666666666666666666666666666666666666666666666666666666666666666666666666666666666666666666666666666666666666666666666666666666666666666666666666666666666
6767676767676767676767676767676767676767676767676767676767676767676767676767676767676767676767676767676767676767676767676767676767676767676767676767676767676767676767676767676767676767676767676767676767676767676767676767676767676767676767676767676767676767676767676767676767676767676767676767676767676767676767676767676767676767676767676767676767676767676767676767676767676767676767676767676767676767
6868686868686868686868686868686868686868686868686868686868686868686868686868686868686868686868686868686868686868686868686868686868686868686868686868686868686868686868686868686868686868686868686868686868686868686868686868686868686868686868686868686868686868686868686868686868686868686868686868686868686868686868686868686868686868686868686868686868686868686868686868686868686868686868686868686868686868
6969696969696969696969696969696969696969696969696969696969696969696969696969696969696969696969696969696969696969696969696969696969696969696969696969696969696969696969696969696969696969696969696969696969696969696969696969696969696969696969696969696969696969696969696969696969696969696969696969696969696969696969696969696969696969696969696969696969696969696969696969696969696969696969696969696969696969
7070707070707070707070707070707070707070707070707070707070707070707070707070707070707070707070707070707070707070707070707070707070707070707070707070707070707070707070707070707070707070707070707070707070707070707070707070707070707070707070707070707070707070707070707070707070707070707070707070707070707070707070707070707070707070707070707070707070707070707070707070707070707070707070707070707070707070
7171717171717171717171717171717171717171717171717171717171717171717171717171717171717171717171717171717171717171717171717171717171717171717171717171717171717171717171717171717171717171717171717171717171717171717171717171717171717171717171717171717171717171717171717171717171717171717171717171717171717171717171717171717171717171717171717171717171717171717171717171717171717171717171717171717171717171
7272727272727272727272727272727272727272727272727272727272727272727272727272727272727272727272727272727272727272727272727272727272727272727272727272727272727272727272727272727272727272727272727272727272727272727272727272727272727272727272727272727272727272727272727272727272727272727272727272727272727272727272727272727272727272727272727272727272727272727272727272727272727272727272727272727272727272
7373737373737373737373737373737373737373737373737373737373737373737373737373737373737373737373737373737373737373737373737373737373737373737373737373737373737373737373737373737373737373737373737373737373737373737373737373737373737373737373737373737373737373737373737373737373737373737373737373737373737373737373737373737373737373737373737373737373737373737373737373737373737373737373737373737373737373
7474747474747474747474747474747474747474747474747474747474747474747474747474747474747474747474747474747474747474747474747474747474747474747474747474747474747474747474747474747474747474747474747474747474747474747474747474747474747474747474747474747474747474747474747474747474747474747474747474747474747474747474747474747474747474747474747474747474747474747474747474747474747474747474747474747474747474
7575757575757575757575757575757575757575757575757575757575757575757575757575757575757575757575757575757575757575757575757575757575757575757575757575757575757575757575757575757575757575757575757575757575757575757575757575757575757575757575757575757575757575757575757575757575757575757575757575757575757575757575757575757575757575757575757575757575757575757575757575757575757575757575757575757575757575
7676767676767676767676767676767676767676767676767676767676767676767676767676767676767676767676767676767676767676767676767676767676767676767676767676767676767676767676767676767676767676767676767676767676767676767676767676767676767676767676767676767676767676767676767676767676767676767676767676767676767676767676767676767676767676767676767676767676767676767676767676767676767676767676767676767676767676
7777777777777777777777777777777777777777777777777777777777777777777777777777777777777777777777777777777777777777777777777777777777777777777777777777777777777777777777777777777777777777777777777777777777777777777777777777777777777777777777777777777777777777777777777777777777777777777777777777777777777777777777777777777777777777777777777777777777777777777777777777777777777777777777777777777777777777
7878787878787878787878787878787878787878787878787878787878787878787878787878787878787878787878787878787878787878787878787878787878787878787878787878787878787878787878787878787878787878787878787878787878787878787878787878787878787878787878787878787878787878787878787878787878787878787878787878787878787878787878787878787878787878787878787878787878787878787878787878787878787878787878787878787878787878
7979797979797979797979797979797979797979797979797979797979797979797979797979797979797979797979797979797979797979797979797979797979797979797979797979797979797979797979797979797979797979797979797979797979797979797979797979797979797979797979797979797979797979797979797979797979797979797979797979797979797979797979797979797979797979797979797979797979797979797979797979797979797979797979797979797979797979
8080808080808080808080808080808080808080808080808080808080808080808080808080808080808080808080808080808080808080808080808080808080808080808080808080808080808080808080808080808080808080808080808080808080808080808080808080808080808080808080808080808080808080808080808080808080808080808080808080808080808080808080808080808080808080808080808080808080808080808080808080808080808080808080808080808080808080
8181818181818181818181818181818181818181818181818181818181818181818181818181818181818181818181818181818181818181818181818181818181818181818181818181818181818181818181818181818181818181818181818181818181818181818181818181818181818181818181818181818181818181818181818181818181818181818181818181818181818181818181818181818181818181818181818181818181818181818181818181818181818181818181818181818181818181
8282828282828282828282828282828282828282828282828282828282828282828282828282828282828282828282828282828282828282828282828282828282828282828282828282828282828282828282828282828282828282828282828282828282828282828282828282828282828282828282828282828282828282828282828282828282828282828282828282828282828282828282828282828282828282828282828282828282828282828282828282828282828282828282828282828282828282
8383838383838383838383838383838383838383838383838383838383838383838383838383838383838383838383838383838383838383838383838383838383838383838383838383838383838383838383838383838383838383838383838383838383838383838383838383838383838383838383838383838383838383838383838383838383838383838383838383838383838383838383838383838383838383838383838383838383838383838383838383838383838383838383838383838383838383
8484848484848484848484848484848484848484848484848484848484848484848484848484848484848484848484848484848484848484848484848484848484848484848484848484848484848484848484848484848484848484848484848484848484848484848484848484848484848484848484848484848484848484848484848484848484848484848484848484848484848484848484848484848484848484848484848484848484848484848484848484848484848484848484848484848484848484
8585858585858585858585858585858585858585858585858585858585858585858585858585858585858585858585858585858585858585858585858585858585858585858585858585858585858585858585858585858585858585858585858585858585858585858585858585858585858585858585858585858585858585858585858585858585858585858585858585858585858585858585858585858585858585858585858585858585858585858585858585858585858585858585858585858585858585
8686868686868686868686868686868686868686868686868686868686868686868686868686868686868686868686868686868686868686868686868686868686868686868686868686868686868686868686868686868686868686868686868686868686868686868686868686868686868686868686868686868686868686868686868686868686868686868686868686868686868686868686868686868686868686868686868686868686868686868686868686868686868686868686868686868686868686
8787878787878787878787878787878787878787878787878787878787878787878787878787878787878787878787878787878787878787878787878787878787878787878787878787878787878787878787878787878787878787878787878787878787878787878787878787878787878787878787878787878787878787878787878787878787878787878787878787878787878787878787878787878787878787878787878787878787878787878787878787878787878787878787878787878787878787
8888888888888888888888888888888888888888888888888888888888888888888888888888888888888888888888888888888888888888888888888888888888888888888888888888888888888888888888888888888888888888888888888888888888888888888888888888888888888888888888888888888888888888888888888888888888888888888888888888888888888888888888888888888888888888888888888888888888888888888888888888888888888888888888888888888888888888
8989898989898989898989898989898989898989898989898989898989898989898989898989898989898989898989898989898989898989898989898989898989898989898989898989898989898989898989898989898989898989898989898989898989898989898989898989898989898989898989898989898989898989898989898989898989898989898989898989898989898989898989898989898989898989898989898989898989898989898989898989898989898989898989898989898989898989
9090909090909090909090909090909090909090909090909090909090909090909090909090909090909090909090909090909090909090909090909090909090909090909090909090909090909090909090909090909090909090909090909090909090909090909090909090909090909090909090909090909090909090909090909090909090909090909090909090909090909090909090909090909090909090909090909090909090909090909090909090909090909090909090909090909090909090
9191919191919191919191919191919191919191919191919191919191919191919191919191919191919191919191919191919191919191919191919191919191919191919191919191919191919191919191919191919191919191919191919191919191919191919191919191919191919191919191919191919191919191919191919191919191919191919191919191919191919191919191919191919191919191919191919191919191919191919191919191919191919191919191919191919191919191
9292929292929292929292929292929292929292929292929292929292929292929292929292929292929292929292929292929292929292929292929292929292929292929292929292929292929292929292929292929292929292929292929292929292929292929292929292929292929292929292929292929292929292929292929292929292929292929292929292929292929292929292929292929292929292929292929292929292929292929292929292929292929292929292929292929292929292
9393939393939393939393939393939393939393939393939393939393939393939393939393939393939393939393939393939393939393939393939393939393939393939393939393939393939393939393939393939393939393939393939393939393939393939393939393939393939393939393939393939393939393939393939393939393939393939393939393939393939393939393939393939393939393939393939393939393939393939393939393939393939393939393939393939393939393
9494949494949494949494949494949494949494949494949494949494949494949494949494949494949494949494949494949494949494949494949494949494949494949494949494949494949494949494949494949494949494949494949494949494949494949494949494949494949494949494949494949494949494949494949494949494949494949494949494949494949494949494949494949494949494949494949494949494949494949494949494949494949494949494949494949494949494
9595959595959595959595959595959595959595959595959595959595959595959595959595959595959595959595959595959595959595959595959595959595959595959595959595959595959595959595959595959595959595959595959595959595959595959595959595959595959595959595959595959595959595959595959595959595959595959595959595959595959595959595959595959595959595959595959595959595959595959595959595959595959595959595959595959595959595
9696969696969696969696969696969696969696969696969696969696969696969696969696969696969696969696969696969696969696969696969696969696969696969696969696969696969696969696969696969696969696969696969696969696969696969696969696969696969696969696969696969696969696969696969696969696969696969696969696969696969696969696969696969696969696969696969696969696969696969696969696969696969696969696969696969696969696
9797979797979797979797979797979797979797979797979797979797979797979797979797979797979797979797979797979797979797979797979797979797979797979797979797979797979797979797979797979797979797979797979797979797979797979797979797979797979797979797979797979797979797979797979797979797979797979797979797979797979797979797979797979797979797979797979797979797979797979797979797979797979797979797979797979797979797
9898989898989898989898989898989898989898989898989898989898989898989898989898989898989898989898989898989898989898989898989898989898989898989898989898989898989898989898989898989898989898989898989898989898989898989898989898989898989898989898989898989898989898989898989898989898989898989898989898989898989898989898989898989898989898989898989898989898989898989898989898989898989898989898989898989898989898
9999999999999999999999999999999999999999999999999999999999999999999999999999999999999999999999999999999999999999999999999999999999999999999999999999999999999999999999999999999999999999999999999999999999999999999999999999999999999999999999999999999999999999999999999999999999999999999999999999999999999999999999999999999999999999999999999999999999999999999999999999999999999999999999999999999999999999
100100100100100100100100100100100100100100100100100100100100100100100100100100100100100100100100100100100100100100100100100100100100100100100100100100100100100100100100100100100100100100100100100100100100100100100100100100100100100100100100100100100100100100100100100100100100100100100100100100100100100100100100100100100100100100100100100100100100100100100100100100100100100100100100100100100100100100100100100100100100100100100100100100100100100100100100100100100100100100100100100100100100100100100100100100100100100100100100100100100100100100100100100100100100100100100100100100100100100100100100
101101101101101101101101101101101101101101101101101101101101101101101101101101101101101101101101101101101101101101101101101101101101101101101101101101101101101101101101101101101101101101101101101101101101101101101101101101101101101101101101101101101101101101101101101101101101101101101101101101101101101101101101101101101101101101101101101101101101101101101101101101101101101101101101101101101101101101101101101101101101101101101101101101101101101101101101101101101101101101101101101101101101101101101101101101101101101101101101101101101101101101101101101101101101101101101101101101101101101101101101
102102102102102102102102102102102102102102102102102102102102102102102102102102102102102102102102102102102102102102102102102102102102102102102102102102102102102102102102102102102102102102102102102102102102102102102102102102102102102102102102102102102102102102102102102102102102102102102102102102102102102102102102102102102102102102102102102102102102102102102102102102102102102102102102102102102102102102102102102102102102102102102102102102102102102102102102102102102102102102102102102102102102102102102102102102102102102102102102102102102102102102102102102102102102102102102102102102102102102102102102
103103103103103103103103103103103103103103103103103103103103103103103103103103103103103103103103103103103103103103103103103103103103103103103103103103103103103103103103103103103103103103103103103103103103103103103103103103103103103103103103103103103103103103103103103103103103103103103103103103103103103103103103103103103103103103103103103103103103103103103103103103103103103103103103103103103103103103103103103103103103103103103103103103103103103103103103103103103103103103103103103103103103103103103103103103103103103103103103103103103103103103103103103103103103103103103103103103103103103103103103
104104104104104104104104104104104104104104104104104104104104104104104104104104104104104104104104104104104104104104104104104104104104104104104104104104104104104104104104104104104104104104104104104104104104104104104104104104104104104104104104104104104104104104104104104104104104104104104104104104104104104104104104104104104104104104104104104104104104104104104104104104104104104104104104104104104104104104104104104104104104104104104104104104104104104104104104104104104104104104104104104104104104104104104104104104104104104104104104104104104104104104104104104104104104104104104104104104104104104104104104
105105105105105105105105105105105105105105105105105105105105105105105105105105105105105105105105105105105105105105105105105105105105105105105105105105105105105105105105105105105105105105105105105105105105105105105105105105105105105105105105105105105105105105105105105105105105105105105105105105105105105105105105105105105105105105105105105105105105105105105105105105105105105105105105105105105105105105105105105105105105105105105105105105105105105105105105105105105105105105105105105105105105105105105105105105105105105105105105105105105105105105105105105105105105105105105105105105105105105105105105
106106106106106106106106106106106106106106106106106106106106106106106106106106106106106106106106106106106106106106106106106106106106106106106106106106106106106106106106106106106106106106106106106106106106106106106106106106106106106106106106106106106106106106106106106106106106106106106106106106106106106106106106106106106106106106106106106106106106106106106106106106106106106106106106106106106106106106106106106106106106106106106106106106106106106106106106106106106106106106106106106106106106106106106106106106106106106106106106106106106106106106106106106106106106106106106106106106106106106106106106
107107107107107107107107107107107107107107107107107107107107107107107107107107107107107107107107107107107107107107107107107107107107107107107107107107107107107107107107107107107107107107107107107107107107107107107107107107107107107107107107107107107107107107107107107107107107107107107107107107107107107107107107107107107107107107107107107107107107107107107107107107107107107107107107107107107107107107107107107107107107107107107107107107107107107107107107107107107107107107107107107107107107107107107107107107107107107107107107107107107107107107107107107107107107107107107107107107107107107107107107
108108108108108108108108108108108108108108108108108108108108108108108108108108108108108108108108108108108108108108108108108108108108108108108108108108108108108108108108108108108108108108108108108108108108108108108108108108108108108108108108108108108108108108108108108108108108108108108108108108108108108108108108108108108108108108108108108108108108108108108108108108108108108108108108108108108108108108108108108108108108108108108108108108108108108108108108108108108108108108108108108108108108108108108108108108108108108108108108108108108108108108108108108108108108108108108108108108108108108108108108
109109109109109109109109109109109109109109109109109109109109109109109109109109109109109109109109109109109109109109109109109109109109109109109109109109109109109109109109109109109109109109109109109109109109109109109109109109109109109109109109109109109109109109109109109109109109109109109109109109109109109109109109109109109109109109109109109109109109109109109109109109109109109109109109109109109109109109109109109109109109109109109109109109109109109109109109109109109109109109109109109109109109109109109109109109109109109109109109109109109109109109109109109109109109109109109109109109109109109109109109
110110110110110110110110110110110110110110110110110110110110110110110110110110110110110110110110110110110110110110110110110110110110110110110110110110110110110110110110110110110110110110110110110110110110110110110110110110110110110110110110110110110110110110110110110110110110110110110110110110110110110110110110110110110110110110110110110110110110110110110110110110110110110110110110110110110110110110110110110110110110110110110110110110110110110110110110110110110110110110110110110110110110110110110110110110110110110110110110110110110110110110110110110110110110110110110110110110110110110110110110
111111111111111111111111111111111111111111111111111111111111111111111111111111111111111111111111111111111111111111111111111111111111111111111111111111111111111111111111111111111111111111111111111111111111111111111111111111111111111111111111111111111111111111111111111111111111111111111111111111111111111111111111111111111111111111111111111111111111111111111111111111111111111111111111111111111111111111111111111111111111111111111111111111111111111111111111111111111111111111111111111111111111111111111111111111111111111111111111111111111111111111111111111111111111111111111111111111111111111111111111
112112112112112112112112112112112112112112112112112112112112112112112112112112112112112112112112112112112112112112112112112112112112112112112112112112112112112112112112112112112112112112112112112112112112112112112112112112112112112112112112112112112112112112112112112112112112112112112112112112112112112112112112112112112112112112112112112112112112112112112112112112112112112112112112112112112112112112112112112112112112112112112112112112112112112112112112112112112112112112112112112112112112112112112112112112112112112112112112112112112112112112112112112112112112112112112112112112112112112112112112
113113113113113113113113113113113113113113113113113113113113113113113113113113113113113113113113113113113113113113113113113113113113113113113113113113113113113113113113113113113113113113113113113113113113113113113113113113113113113113113113113113113113113113113113113113113113113113113113113113113113113113113113113113113113113113113113113113113113113113113113113113113113113113113113113113113113113113113113113113113113113113113113113113113113113113113113113113113113113113113113113113113113113113113113113113113113113113113113113113113113113113113113113113113113113113113113113113113113113113113113
114114114114114114114114114114114114114114114114114114114114114114114114114114114114114114114114114114114114114114114114114114114114114114114114114114114114114114114114114114114114114114114114114114114114114114114114114114114114114114114114114114114114114114114114114114114114114114114114114114114114114114114114114114114114114114114114114114114114114114114114114114114114114114114114114114114114114114114114114114114114114114114114114114114114114114114114114114114114114114114114114114114114114114114114114114114114114114114114114114114114114114114114114114114114114114114114114114114114114114114114
115115115115115115115115115115115115115115115115115115115115115115115115115115115115115115115115115115115115115115115115115115115115115115115115115115115115115115115115115115115115115115115115115115115115115115115115115115115115115115115115115115115115115115115115115115115115115115115115115115115115115115115115115115115115115115115115115115115115115115115115115115115115115115115115115115115115115115115115115115115115115115115115115115115115115115115115115115115115115115115115115115115115115115115115115115115115115115115115115115115115115115115115115115115115115115115115115115115115115115115115
116116116116116116116116116116116116116116116116116116116116116116116116116116116116116116116116116116116116116116116116116116116116116116116116116116116116116116116116116116116116116116116116116116116116116116116116116116116116116116116116116116116116116116116116116116116116116116116116116116116116116116116116116116116116116116116116116116116116116116116116116116116116116116116116116116116116116116116116116116116116116116116116116116116116116116116116116116116116116116116116116116116116116116116116116116116116116116116116116116116116116116116116116116116116116116116116116116116116116116116116
117117117117117117117117117117117117117117117117117117117117117117117117117117117117117117117117117117117117117117117117117117117117117117117117117117117117117117117117117117117117117117117117117117117117117117117117117117117117117117117117117117117117117117117117117117117117117117117117117117117117117117117117117117117117117117117117117117117117117117117117117117117117117117117117117117117117117117117117117117117117117117117117117117117117117117117117117117117117117117117117117117117117117117117117117117117117117117117117117117117117117117117117117117117117117117117117117117117117117117117117
118118118118118118118118118118118118118118118118118118118118118118118118118118118118118118118118118118118118118118118118118118118118118118118118118118118118118118118118118118118118118118118118118118118118118118118118118118118118118118118118118118118118118118118118118118118118118118118118118118118118118118118118118118118118118118118118118118118118118118118118118118118118118118118118118118118118118118118118118118118118118118118118118118118118118118118118118118118118118118118118118118118118118118118118118118118118118118118118118118118118118118118118118118118118118118118118118118118118118118118118
119119119119119119119119119119119119119119119119119119119119119119119119119119119119119119119119119119119119119119119119119119119119119119119119119119119119119119119119119119119119119119119119119119119119119119119119119119119119119119119119119119119119119119119119119119119119119119119119119119119119119119119119119119119119119119119119119119119119119119119119119119119119119119119119119119119119119119119119119119119119119119119119119119119119119119119119119119119119119119119119119119119119119119119119119119119119119119119119119119119119119119119119119119119119119119119119119119119119119119119119
120120120120120120120120120120120120120120120120120120120120120120120120120120120120120120120120120120120120120120120120120120120120120120120120120120120120120120120120120120120120120120120120120120120120120120120120120120120120120120120120120120120120120120120120120120120120120120120120120120120120120120120120120120120120120120120120120120120120120120120120120120120120120120120120120120120120120120120120120120120120120120120120120120120120120120120120120120120120120120120120120120120120120120120120120120120120120120120120120120120120120120120120120120120120120120120120120120120120120120120120
121121121121121121121121121121121121121121121121121121121121121121121121121121121121121121121121121121121121121121121121121121121121121121121121121121121121121121121121121121121121121121121121121121121121121121121121121121121121121121121121121121121121121121121121121121121121121121121121121121121121121121121121121121121121121121121121121121121121121121121121121121121121121121121121121121121121121121121121121121121121121121121121121121121121121121121121121121121121121121121121121121121121121121121121121121121121121121121121121121121121121121121121121121121121121121121121121121121121121121121121
122122122122122122122122122122122122122122122122122122122122122122122122122122122122122122122122122122122122122122122122122122122122122122122122122122122122122122122122122122122122122122122122122122122122122122122122122122122122122122122122122122122122122122122122122122122122122122122122122122122122122122122122122122122122122122122122122122122122122122122122122122122122122122122122122122122122122122122122122122122122122122122122122122122122122122122122122122122122122122122122122122122122122122122122122122122122122122122122122122122122122122122122122122122122122122122122122122122122122122122122
123123123123123123123123123123123123123123123123123123123123123123123123123123123123123123123123123123123123123123123123123123123123123123123123123123123123123123123123123123123123123123123123123123123123123123123123123123123123123123123123123123123123123123123123123123123123123123123123123123123123123123123123123123123123123123123123123123123123123123123123123123123123123123123123123123123123123123123123123123123123123123123123123123123123123123123123123123123123123123123123123123123123123123123123123123123123123123123123123123123123123123123123123123123123123123123123123123123123123123123123
124124124124124124124124124124124124124124124124124124124124124124124124124124124124124124124124124124124124124124124124124124124124124124124124124124124124124124124124124124124124124124124124124124124124124124124124124124124124124124124124124124124124124124124124124124124124124124124124124124124124124124124124124124124124124124124124124124124124124124124124124124124124124124124124124124124124124124124124124124124124124124124124124124124124124124124124124124124124124124124124124124124124124124124124124124124124124124124124124124124124124124124124124124124124124124124124124124124124124124124124
125125125125125125125125125125125125125125125125125125125125125125125125125125125125125125125125125125125125125125125125125125125125125125125125125125125125125125125125125125125125125125125125125125125125125125125125125125125125125125125125125125125125125125125125125125125125125125125125125125125125125125125125125125125125125125125125125125125125125125125125125125125125125125125125125125125125125125125125125125125125125125125125125125125125125125125125125125125125125125125125125125125125125125125125125125125125125125125125125125125125125125125125125125125125125125125125125125125125125125125125
126126126126126126126126126126126126126126126126126126126126126126126126126126126126126126126126126126126126126126126126126126126126126126126126126126126126126126126126126126126126126126126126126126126126126126126126126126126126126126126126126126126126126126126126126126126126126126126126126126126126126126126126126126126126126126126126126126126126126126126126126126126126126126126126126126126126126126126126126126126126126126126126126126126126126126126126126126126126126126126126126126126126126126126126126126126126126126126126126126126126126126126126126126126126126126126126126126126126126126126126
127127127127127127127127127127127127127127127127127127127127127127127127127127127127127127127127127127127127127127127127127127127127127127127127127127127127127127127127127127127127127127127127127127127127127127127127127127127127127127127127127127127127127127127127127127127127127127127127127127127127127127127127127127127127127127127127127127127127127127127127127127127127127127127127127127127127127127127127127127127127127127127127127127127127127127127127127127127127127127127127127127127127127127127127127127127127127127127127127127127127127127127127127127127127127127127127127127127127127127127127
128128128128128128128128128128128128128128128128128128128128128128128128128128128128128128128128128128128128128128128128128128128128128128128128128128128128128128128128128128128128128128128128128128128128128128128128128128128128128128128128128128128128128128128128128128128128128128128128128128128128128128128128128128128128128128128128128128128128128128128128128128128128128128128128128128128128128128128128128128128128128128128128128128128128128128128128128128128128128128128128128128128128128128128128128128128128128128128128128128128128128128128128128128128128128128128128128128128128128128128128
129129129129129129129129129129129129129129129129129129129129129129129129129129129129129129129129129129129129129129129129129129129129129129129129129129129129129129129129129129129129129129129129129129129129129129129129129129129129129129129129129129129129129129129129129129129129129129129129129129129129129129129129129129129129129129129129129129129129129129129129129129129129129129129129129129129129129129129129129129129129129129129129129129129129129129129129129129129129129129129129129129129129129129129129129129129129129129129129129129129129129129129129129129129129129129129129129129129129129129129129
130130130130130130130130130130130130130130130130130130130130130130130130130130130130130130130130130130130130130130130130130130130130130130130130130130130130130130130130130130130130130130130130130130130130130130130130130130130130130130130130130130130130130130130130130130130130130130130130130130130130130130130130130130130130130130130130130130130130130130130130130130130130130130130130130130130130130130130130130130130130130130130130130130130130130130130130130130130130130130130130130130130130130130130130130130130130130130130130130130130130130130130130130130130130130130130130130130130130130130130130
131131131131131131131131131131131131131131131131131131131131131131131131131131131131131131131131131131131131131131131131131131131131131131131131131131131131131131131131131131131131131131131131131131131131131131131131131131131131131131131131131131131131131131131131131131131131131131131131131131131131131131131131131131131131131131131131131131131131131131131131131131131131131131131131131131131131131131131131131131131131131131131131131131131131131131131131131131131131131131131131131131131131131131131131131131131131131131131131131131131131131131131131131131131131131131131131131131131131131131131131
132132132132132132132132132132132132132132132132132132132132132132132132132132132132132132132132132132132132132132132132132132132132132132132132132132132132132132132132132132132132132132132132132132132132132132132132132132132132132132132132132132132132132132132132132132132132132132132132132132132132132132132132132132132132132132132132132132132132132132132132132132132132132132132132132132132132132132132132132132132132132132132132132132132132132132132132132132132132132132132132132132132132132132132132132132132132132132132132132132132132132132132132132132132132132132132132132132132132132132132132
133133133133133133133133133133133133133133133133133133133133133133133133133133133133133133133133133133133133133133133133133133133133133133133133133133133133133133133133133133133133133133133133133133133133133133133133133133133133133133133133133133133133133133133133133133133133133133133133133133133133133133133133133133133133133133133133133133133133133133133133133133133133133133133133133133133133133133133133133133133133133133133133133133133133133133133133133133133133133133133133133133133133133133133133133133133133133133133133133133133133133133133133133133133133133133133133133133133133133133133133
134134134134134134134134134134134134134134134134134134134134134134134134134134134134134134134134134134134134134134134134134134134134134134134134134134134134134134134134134134134134134134134134134134134134134134134134134134134134134134134134134134134134134134134134134134134134134134134134134134134134134134134134134134134134134134134134134134134134134134134134134134134134134134134134134134134134134134134134134134134134134134134134134134134134134134134134134134134134134134134134134134134134134134134134134134134134134134134134134134134134134134134134134134134134134134134134134134134134134134134134
135135135135135135135135135135135135135135135135135135135135135135135135135135135135135135135135135135135135135135135135135135135135135135135135135135135135135135135135135135135135135135135135135135135135135135135135135135135135135135135135135135135135135135135135135135135135135135135135135135135135135135135135135135135135135135135135135135135135135135135135135135135135135135135135135135135135135135135135135135135135135135135135135135135135135135135135135135135135135135135135135135135135135135135135135135135135135135135135135135135135135135135135135135135135135135135135135135135135135135135135
136136136136136136136136136136136136136136136136136136136136136136136136136136136136136136136136136136136136136136136136136136136136136136136136136136136136136136136136136136136136136136136136136136136136136136136136136136136136136136136136136136136136136136136136136136136136136136136136136136136136136136136136136136136136136136136136136136136136136136136136136136136136136136136136136136136136136136136136136136136136136136136136136136136136136136136136136136136136136136136136136136136136136136136136136136136136136136136136136136136136136136136136136136136136136136136136136136136136136136136136
137137137137137137137137137137137137137137137137137137137137137137137137137137137137137137137137137137137137137137137137137137137137137137137137137137137137137137137137137137137137137137137137137137137137137137137137137137137137137137137137137137137137137137137137137137137137137137137137137137137137137137137137137137137137137137137137137137137137137137137137137137137137137137137137137137137137137137137137137137137137137137137137137137137137137137137137137137137137137137137137137137137137137137137137137137137137137137137137137137137137137137137137137137137137137137137137137137137137137137137137
138138138138138138138138138138138138138138138138138138138138138138138138138138138138138138138138138138138138138138138138138138138138138138138138138138138138138138138138138138138138138138138138138138138138138138138138138138138138138138138138138138138138138138138138138138138138138138138138138138138138138138138138138138138138138138138138138138138138138138138138138138138138138138138138138138138138138138138138138138138138138138138138138138138138138138138138138138138138138138138138138138138138138138138138138138138138138138138138138138138138138138138138138138138138138138138138138138138138138138138138
139139139139139139139139139139139139139139139139139139139139139139139139139139139139139139139139139139139139139139139139139139139139139139139139139139139139139139139139139139139139139139139139139139139139139139139139139139139139139139139139139139139139139139139139139139139139139139139139139139139139139139139139139139139139139139139139139139139139139139139139139139139139139139139139139139139139139139139139139139139139139139139139139139139139139139139139139139139139139139139139139139139139139139139139139139139139139139139139139139139139139139139139139139139139139139139139139139139139139139139139
140140140140140140140140140140140140140140140140140140140140140140140140140140140140140140140140140140140140140140140140140140140140140140140140140140140140140140140140140140140140140140140140140140140140140140140140140140140140140140140140140140140140140140140140140140140140140140140140140140140140140140140140140140140140140140140140140140140140140140140140140140140140140140140140140140140140140140140140140140140140140140140140140140140140140140140140140140140140140140140140140140140140140140140140140140140140140140140140140140140140140140140140140140140140140140140140140140140140140140140140
141141141141141141141141141141141141141141141141141141141141141141141141141141141141141141141141141141141141141141141141141141141141141141141141141141141141141141141141141141141141141141141141141141141141141141141141141141141141141141141141141141141141141141141141141141141141141141141141141141141141141141141141141141141141141141141141141141141141141141141141141141141141141141141141141141141141141141141141141141141141141141141141141141141141141141141141141141141141141141141141141141141141141141141141141141141141141141141141141141141141141141141141141141141141141141141141141141141141141141141141
142142142142142142142142142142142142142142142142142142142142142142142142142142142142142142142142142142142142142142142142142142142142142142142142142142142142142142142142142142142142142142142142142142142142142142142142142142142142142142142142142142142142142142142142142142142142142142142142142142142142142142142142142142142142142142142142142142142142142142142142142142142142142142142142142142142142142142142142142142142142142142142142142142142142142142142142142142142142142142142142142142142142142142142142142142142142142142142142142142142142142142142142142142142142142142142142142142142142142142142142
143143143143143143143143143143143143143143143143143143143143143143143143143143143143143143143143143143143143143143143143143143143143143143143143143143143143143143143143143143143143143143143143143143143143143143143143143143143143143143143143143143143143143143143143143143143143143143143143143143143143143143143143143143143143143143143143143143143143143143143143143143143143143143143143143143143143143143143143143143143143143143143143143143143143143143143143143143143143143143143143143143143143143143143143143143143143143143143143143143143143143143143143143143143143143143143143143143143143143143143143
144144144144144144144144144144144144144144144144144144144144144144144144144144144144144144144144144144144144144144144144144144144144144144144144144144144144144144144144144144144144144144144144144144144144144144144144144144144144144144144144144144144144144144144144144144144144144144144144144144144144144144144144144144144144144144144144144144144144144144144144144144144144144144144144144144144144144144144144144144144144144144144144144144144144144144144144144144144144144144144144144144144144144144144144144144144144144144144144144144144144144144144144144144144144144144144144144144144144144144144144
145145145145145145145145145145145145145145145145145145145145145145145145145145145145145145145145145145145145145145145145145145145145145145145145145145145145145145145145145145145145145145145145145145145145145145145145145145145145145145145145145145145145145145145145145145145145145145145145145145145145145145145145145145145145145145145145145145145145145145145145145145145145145145145145145145145145145145145145145145145145145145145145145145145145145145145145145145145145145145145145145145145145145145145145145145145145145145145145145145145145145145145145145145145145145145145145145145145145145145145145
146146146146146146146146146146146146146146146146146146146146146146146146146146146146146146146146146146146146146146146146146146146146146146146146146146146146146146146146146146146146146146146146146146146146146146146146146146146146146146146146146146146146146146146146146146146146146146146146146146146146146146146146146146146146146146146146146146146146146146146146146146146146146146146146146146146146146146146146146146146146146146146146146146146146146146146146146146146146146146146146146146146146146146146146146146146146146146146146146146146146146146146146146146146146146146146146146146146146146146146146
147147147147147147147147147147147147147147147147147147147147147147147147147147147147147147147147147147147147147147147147147147147147147147147147147147147147147147147147147147147147147147147147147147147147147147147147147147147147147147147147147147147147147147147147147147147147147147147147147147147147147147147147147147147147147147147147147147147147147147147147147147147147147147147147147147147147147147147147147147147147147147147147147147147147147147147147147147147147147147147147147147147147147147147147147147147147147147147147147147147147147147147147147147147147147147147147147147147147147147147147
148148148148148148148148148148148148148148148148148148148148148148148148148148148148148148148148148148148148148148148148148148148148148148148148148148148148148148148148148148148148148148148148148148148148148148148148148148148148148148148148148148148148148148148148148148148148148148148148148148148148148148148148148148148148148148148148148148148148148148148148148148148148148148148148148148148148148148148148148148148148148148148148148148148148148148148148148148148148148148148148148148148148148148148148148148148148148148148148148148148148148148148148148148148148148148148148148148148148148148148148
149149149149149149149149149149149149149149149149149149149149149149149149149149149149149149149149149149149149149149149149149149149149149149149149149149149149149149149149149149149149149149149149149149149149149149149149149149149149149149149149149149149149149149149149149149149149149149149149149149149149149149149149149149149149149149149149149149149149149149149149149149149149149149149149149149149149149149149149149149149149149149149149149149149149149149149149149149149149149149149149149149149149149149149149149149149149149149149149149149149149149149149149149149149149149149149149149149149149149149149149
150150150150150150150150150150150150150150150150150150150150150150150150150150150150150150150150150150150150150150150150150150150150150150150150150150150150150150150150150150150150150150150150150150150150150150150150150150150150150150150150150150150150150150150150150150150150150150150150150150150150150150150150150150150150150150150150150150150150150150150150150150150150150150150150150150150150150150150150150150150150150150150150150150150150150150150150150150150150150150150150150150150150150150150150150150150150150150150150150150150150150150150150150150150150150150150150150150150150150150150150
151151151151151151151151151151151151151151151151151151151151151151151151151151151151151151151151151151151151151151151151151151151151151151151151151151151151151151151151151151151151151151151151151151151151151151151151151151151151151151151151151151151151151151151151151151151151151151151151151151151151151151151151151151151151151151151151151151151151151151151151151151151151151151151151151151151151151151151151151151151151151151151151151151151151151151151151151151151151151151151151151151151151151151151151151151151151151151151151151151151151151151151151151151151151151151151151151151151151151151151151
152152152152152152152152152152152152152152152152152152152152152152152152152152152152152152152152152152152152152152152152152152152152152152152152152152152152152152152152152152152152152152152152152152152152152152152152152152152152152152152152152152152152152152152152152152152152152152152152152152152152152152152152152152152152152152152152152152152152152152152152152152152152152152152152152152152152152152152152152152152152152152152152152152152152152152152152152152152152152152152152152152152152152152152152152152152152152152152152152152152152152152152152152152152152152152152152152152152152152152152152
153153153153153153153153153153153153153153153153153153153153153153153153153153153153153153153153153153153153153153153153153153153153153153153153153153153153153153153153153153153153153153153153153153153153153153153153153153153153153153153153153153153153153153153153153153153153153153153153153153153153153153153153153153153153153153153153153153153153153153153153153153153153153153153153153153153153153153153153153153153153153153153153153153153153153153153153153153153153153153153153153153153153153153153153153153153153153153153153153153153153153153153153153153153153153153153153153153153153153153153153
154154154154154154154154154154154154154154154154154154154154154154154154154154154154154154154154154154154154154154154154154154154154154154154154154154154154154154154154154154154154154154154154154154154154154154154154154154154154154154154154154154154154154154154154154154154154154154154154154154154154154154154154154154154154154154154154154154154154154154154154154154154154154154154154154154154154154154154154154154154154154154154154154154154154154154154154154154154154154154154154154154154154154154154154154154154154154154154154154154154154154154154154154154154154154154154154154154154154154154154154
155155155155155155155155155155155155155155155155155155155155155155155155155155155155155155155155155155155155155155155155155155155155155155155155155155155155155155155155155155155155155155155155155155155155155155155155155155155155155155155155155155155155155155155155155155155155155155155155155155155155155155155155155155155155155155155155155155155155155155155155155155155155155155155155155155155155155155155155155155155155155155155155155155155155155155155155155155155155155155155155155155155155155155155155155155155155155155155155155155155155155155155155155155155155155155155155155155155155155155155155
156156156156156156156156156156156156156156156156156156156156156156156156156156156156156156156156156156156156156156156156156156156156156156156156156156156156156156156156156156156156156156156156156156156156156156156156156156156156156156156156156156156156156156156156156156156156156156156156156156156156156156156156156156156156156156156156156156156156156156156156156156156156156156156156156156156156156156156156156156156156156156156156156156156156156156156156156156156156156156156156156156156156156156156156156156156156156156156156156156156156156156156156156156156156156156156156156156156156156156156156
157157157157157157157157157157157157157157157157157157157157157157157157157157157157157157157157157157157157157157157157157157157157157157157157157157157157157157157157157157157157157157157157157157157157157157157157157157157157157157157157157157157157157157157157157157157157157157157157157157157157157157157157157157157157157157157157157157157157157157157157157157157157157157157157157157157157157157157157157157157157157157157157157157157157157157157157157157157157157157157157157157157157157157157157157157157157157157157157157157157157157157157157157157157157157157157157157157157157157157157157
158158158158158158158158158158158158158158158158158158158158158158158158158158158158158158158158158158158158158158158158158158158158158158158158158158158158158158158158158158158158158158158158158158158158158158158158158158158158158158158158158158158158158158158158158158158158158158158158158158158158158158158158158158158158158158158158158158158158158158158158158158158158158158158158158158158158158158158158158158158158158158158158158158158158158158158158158158158158158158158158158158158158158158158158158158158158158158158158158158158158158158158158158158158158158158158158158158158158158158158158
159159159159159159159159159159159159159159159159159159159159159159159159159159159159159159159159159159159159159159159159159159159159159159159159159159159159159159159159159159159159159159159159159159159159159159159159159159159159159159159159159159159159159159159159159159159159159159159159159159159159159159159159159159159159159159159159159159159159159159159159159159159159159159159159159159159159159159159159159159159159159159159159159159159159159159159159159159159159159159159159159159159159159159159159159159159159159159159159159159159159159159159159159159159159159159159159159159159159159159159159
160160160160160160160160160160160160160160160160160160160160160160160160160160160160160160160160160160160160160160160160160160160160160160160160160160160160160160160160160160160160160160160160160160160160160160160160160160160160160160160160160160160160160160160160160160160160160160160160160160160160160160160160160160160160160160160160160160160160160160160160160160160160160160160160160160160160160160160160160160160160160160160160160160160160160160160160160160160160160160160160160160160160160160160160160160160160160160160160160160160160160160160160160160160160160160160160160160160160160160160160
161161161161161161161161161161161161161161161161161161161161161161161161161161161161161161161161161161161161161161161161161161161161161161161161161161161161161161161161161161161161161161161161161161161161161161161161161161161161161161161161161161161161161161161161161161161161161161161161161161161161161161161161161161161161161161161161161161161161161161161161161161161161161161161161161161161161161161161161161161161161161161161161161161161161161161161161161161161161161161161161161161161161161161161161161161161161161161161161161161161161161161161161161161161161161161161161161161161161161161161161
162162162162162162162162162162162162162162162162162162162162162162162162162162162162162162162162162162162162162162162162162162162162162162162162162162162162162162162162162162162162162162162162162162162162162162162162162162162162162162162162162162162162162162162162162162162162162162162162162162162162162162162162162162162162162162162162162162162162162162162162162162162162162162162162162162162162162162162162162162162162162162162162162162162162162162162162162162162162162162162162162162162162162162162162162162162162162162162162162162162162162162162162162162162162162162162162162162162162162162162162
163163163163163163163163163163163163163163163163163163163163163163163163163163163163163163163163163163163163163163163163163163163163163163163163163163163163163163163163163163163163163163163163163163163163163163163163163163163163163163163163163163163163163163163163163163163163163163163163163163163163163163163163163163163163163163163163163163163163163163163163163163163163163163163163163163163163163163163163163163163163163163163163163163163163163163163163163163163163163163163163163163163163163163163163163163163163163163163163163163163163163163163163163163163163163163163163163163163163163163163163
164164164164164164164164164164164164164164164164164164164164164164164164164164164164164164164164164164164164164164164164164164164164164164164164164164164164164164164164164164164164164164164164164164164164164164164164164164164164164164164164164164164164164164164164164164164164164164164164164164164164164164164164164164164164164164164164164164164164164164164164164164164164164164164164164164164164164164164164164164164164164164164164164164164164164164164164164164164164164164164164164164164164164164164164164164164164164164164164164164164164164164164164164164164164164164164164164164164164164164164164
165165165165165165165165165165165165165165165165165165165165165165165165165165165165165165165165165165165165165165165165165165165165165165165165165165165165165165165165165165165165165165165165165165165165165165165165165165165165165165165165165165165165165165165165165165165165165165165165165165165165165165165165165165165165165165165165165165165165165165165165165165165165165165165165165165165165165165165165165165165165165165165165165165165165165165165165165165165165165165165165165165165165165165165165165165165165165165165165165165165165165165165165165165165165165165165165165165165165165165165165
166166166166166166166166166166166166166166166166166166166166166166166166166166166166166166166166166166166166166166166166166166166166166166166166166166166166166166166166166166166166166166166166166166166166166166166166166166166166166166166166166166166166166166166166166166166166166166166166166166166166166166166166166166166166166166166166166166166166166166166166166166166166166166166166166166166166166166166166166166166166166166166166166166166166166166166166166166166166166166166166166166166166166166166166166166166166166166166166166166166166166166166166166166166166166166166166166166166166166166166166
167167167167167167167167167167167167167167167167167167167167167167167167167167167167167167167167167167167167167167167167167167167167167167167167167167167167167167167167167167167167167167167167167167167167167167167167167167167167167167167167167167167167167167167167167167167167167167167167167167167167167167167167167167167167167167167167167167167167167167167167167167167167167167167167167167167167167167167167167167167167167167167167167167167167167167167167167167167167167167167167167167167167167167167167167167167167167167167167167167167167167167167167167167167167167167167167167167167167167167167167
168168168168168168168168168168168168168168168168168168168168168168168168168168168168168168168168168168168168168168168168168168168168168168168168168168168168168168168168168168168168168168168168168168168168168168168168168168168168168168168168168168168168168168168168168168168168168168168168168168168168168168168168168168168168168168168168168168168168168168168168168168168168168168168168168168168168168168168168168168168168168168168168168168168168168168168168168168168168168168168168168168168168168168168168168168168168168168168168168168168168168168168168168168168168168168168168168168168168168168168168
169169169169169169169169169169169169169169169169169169169169169169169169169169169169169169169169169169169169169169169169169169169169169169169169169169169169169169169169169169169169169169169169169169169169169169169169169169169169169169169169169169169169169169169169169169169169169169169169169169169169169169169169169169169169169169169169169169169169169169169169169169169169169169169169169169169169169169169169169169169169169169169169169169169169169169169169169169169169169169169169169169169169169169169169169169169169169169169169169169169169169169169169169169169169169169169169169169169169169169169169
170170170170170170170170170170170170170170170170170170170170170170170170170170170170170170170170170170170170170170170170170170170170170170170170170170170170170170170170170170170170170170170170170170170170170170170170170170170170170170170170170170170170170170170170170170170170170170170170170170170170170170170170170170170170170170170170170170170170170170170170170170170170170170170170170170170170170170170170170170170170170170170170170170170170170170170170170170170170170170170170170170170170170170170170170170170170170170170170170170170170170170170170170170170170170170170170170170170170170170170170
171171171171171171171171171171171171171171171171171171171171171171171171171171171171171171171171171171171171171171171171171171171171171171171171171171171171171171171171171171171171171171171171171171171171171171171171171171171171171171171171171171171171171171171171171171171171171171171171171171171171171171171171171171171171171171171171171171171171171171171171171171171171171171171171171171171171171171171171171171171171171171171171171171171171171171171171171171171171171171171171171171171171171171171171171171171171171171171171171171171171171171171171171171171171171171171171171171171171171171171171
172172172172172172172172172172172172172172172172172172172172172172172172172172172172172172172172172172172172172172172172172172172172172172172172172172172172172172172172172172172172172172172172172172172172172172172172172172172172172172172172172172172172172172172172172172172172172172172172172172172172172172172172172172172172172172172172172172172172172172172172172172172172172172172172172172172172172172172172172172172172172172172172172172172172172172172172172172172172172172172172172172172172172172172172172172172172172172172172172172172172172172172172172172172172172172172172172172172172172172172172
173173173173173173173173173173173173173173173173173173173173173173173173173173173173173173173173173173173173173173173173173173173173173173173173173173173173173173173173173173173173173173173173173173173173173173173173173173173173173173173173173173173173173173173173173173173173173173173173173173173173173173173173173173173173173173173173173173173173173173173173173173173173173173173173173173173173173173173173173173173173173173173173173173173173173173173173173173173173173173173173173173173173173173173173173173173173173173173173173173173173173173173173173173173173173173173173173173173173173173173173
174174174174174174174174174174174174174174174174174174174174174174174174174174174174174174174174174174174174174174174174174174174174174174174174174174174174174174174174174174174174174174174174174174174174174174174174174174174174174174174174174174174174174174174174174174174174174174174174174174174174174174174174174174174174174174174174174174174174174174174174174174174174174174174174174174174174174174174174174174174174174174174174174174174174174174174174174174174174174174174174174174174174174174174174174174174174174174174174174174174174174174174174174174174174174174174174174174174174174174174174
175175175175175175175175175175175175175175175175175175175175175175175175175175175175175175175175175175175175175175175175175175175175175175175175175175175175175175175175175175175175175175175175175175175175175175175175175175175175175175175175175175175175175175175175175175175175175175175175175175175175175175175175175175175175175175175175175175175175175175175175175175175175175175175175175175175175175175175175175175175175175175175175175175175175175175175175175175175175175175175175175175175175175175175175175175175175175175175175175175175175175175175175175175175175175175175175175175175175175175175175
176176176176176176176176176176176176176176176176176176176176176176176176176176176176176176176176176176176176176176176176176176176176176176176176176176176176176176176176176176176176176176176176176176176176176176176176176176176176176176176176176176176176176176176176176176176176176176176176176176176176176176176176176176176176176176176176176176176176176176176176176176176176176176176176176176176176176176176176176176176176176176176176176176176176176176176176176176176176176176176176176176176176176176176176176176176176176176176176176176176176176176176176176176176176176176176176176176176176176176176176
177177177177177177177177177177177177177177177177177177177177177177177177177177177177177177177177177177177177177177177177177177177177177177177177177177177177177177177177177177177177177177177177177177177177177177177177177177177177177177177177177177177177177177177177177177177177177177177177177177177177177177177177177177177177177177177177177177177177177177177177177177177177177177177177177177177177177177177177177177177177177177177177177177177177177177177177177177177177177177177177177177177177177177177177177177177177177177177177177177177177177177177177177177177177177177177177177177177177177177177177
178178178178178178178178178178178178178178178178178178178178178178178178178178178178178178178178178178178178178178178178178178178178178178178178178178178178178178178178178178178178178178178178178178178178178178178178178178178178178178178178178178178178178178178178178178178178178178178178178178178178178178178178178178178178178178178178178178178178178178178178178178178178178178178178178178178178178178178178178178178178178178178178178178178178178178178178178178178178178178178178178178178178178178178178178178178178178178178178178178178178178178178178178178178178178178178178178178178178178178178178
179179179179179179179179179179179179179179179179179179179179179179179179179179179179179179179179179179179179179179179179179179179179179179179179179179179179179179179179179179179179179179179179179179179179179179179179179179179179179179179179179179179179179179179179179179179179179179179179179179179179179179179179179179179179179179179179179179179179179179179179179179179179179179179179179179179179179179179179179179179179179179179179179179179179179179179179179179179179179179179179179179179179179179179179179179179179179179179179179179179179179179179179179179179179179179179179179179179179179179179179
180180180180180180180180180180180180180180180180180180180180180180180180180180180180180180180180180180180180180180180180180180180180180180180180180180180180180180180180180180180180180180180180180180180180180180180180180180180180180180180180180180180180180180180180180180180180180180180180180180180180180180180180180180180180180180180180180180180180180180180180180180180180180180180180180180180180180180180180180180180180180180180180180180180180180180180180180180180180180180180180180180180180180180180180180180180180180180180180180180180180180180180180180180180180180180180180180180180180180180180180
181181181181181181181181181181181181181181181181181181181181181181181181181181181181181181181181181181181181181181181181181181181181181181181181181181181181181181181181181181181181181181181181181181181181181181181181181181181181181181181181181181181181181181181181181181181181181181181181181181181181181181181181181181181181181181181181181181181181181181181181181181181181181181181181181181181181181181181181181181181181181181181181181181181181181181181181181181181181181181181181181181181181181181181181181181181181181181181181181181181181181181181181181181181181181181181181181181181181181181181181
182182182182182182182182182182182182182182182182182182182182182182182182182182182182182182182182182182182182182182182182182182182182182182182182182182182182182182182182182182182182182182182182182182182182182182182182182182182182182182182182182182182182182182182182182182182182182182182182182182182182182182182182182182182182182182182182182182182182182182182182182182182182182182182182182182182182182182182182182182182182182182182182182182182182182182182182182182182182182182182182182182182182182182182182182182182182182182182182182182182182182182182182182182182182182182182182182182182182182182182182
183183183183183183183183183183183183183183183183183183183183183183183183183183183183183183183183183183183183183183183183183183183183183183183183183183183183183183183183183183183183183183183183183183183183183183183183183183183183183183183183183183183183183183183183183183183183183183183183183183183183183183183183183183183183183183183183183183183183183183183183183183183183183183183183183183183183183183183183183183183183183183183183183183183183183183183183183183183183183183183183183183183183183183183183183183183183183183183183183183183183183183183183183183183183183183183183183183183183183183183183
184184184184184184184184184184184184184184184184184184184184184184184184184184184184184184184184184184184184184184184184184184184184184184184184184184184184184184184184184184184184184184184184184184184184184184184184184184184184184184184184184184184184184184184184184184184184184184184184184184184184184184184184184184184184184184184184184184184184184184184184184184184184184184184184184184184184184184184184184184184184184184184184184184184184184184184184184184184184184184184184184184184184184184184184184184184184184184184184184184184184184184184184184184184184184184184184184184184184184184184184
185185185185185185185185185185185185185185185185185185185185185185185185185185185185185185185185185185185185185185185185185185185185185185185185185185185185185185185185185185185185185185185185185185185185185185185185185185185185185185185185185185185185185185185185185185185185185185185185185185185185185185185185185185185185185185185185185185185185185185185185185185185185185185185185185185185185185185185185185185185185185185185185185185185185185185185185185185185185185185185185185185185185185185185185185185185185185185185185185185185185185185185185185185185185185185185185185185185185185185185185
186186186186186186186186186186186186186186186186186186186186186186186186186186186186186186186186186186186186186186186186186186186186186186186186186186186186186186186186186186186186186186186186186186186186186186186186186186186186186186186186186186186186186186186186186186186186186186186186186186186186186186186186186186186186186186186186186186186186186186186186186186186186186186186186186186186186186186186186186186186186186186186186186186186186186186186186186186186186186186186186186186186186186186186186186186186186186186186186186186186186186186186186186186186186186186186186186186186186186186186186
187187187187187187187187187187187187187187187187187187187187187187187187187187187187187187187187187187187187187187187187187187187187187187187187187187187187187187187187187187187187187187187187187187187187187187187187187187187187187187187187187187187187187187187187187187187187187187187187187187187187187187187187187187187187187187187187187187187187187187187187187187187187187187187187187187187187187187187187187187187187187187187187187187187187187187187187187187187187187187187187187187187187187187187187187187187187187187187187187187187187187187187187187187187187187187187187187187187187187187187187
188188188188188188188188188188188188188188188188188188188188188188188188188188188188188188188188188188188188188188188188188188188188188188188188188188188188188188188188188188188188188188188188188188188188188188188188188188188188188188188188188188188188188188188188188188188188188188188188188188188188188188188188188188188188188188188188188188188188188188188188188188188188188188188188188188188188188188188188188188188188188188188188188188188188188188188188188188188188188188188188188188188188188188188188188188188188188188188188188188188188188188188188188188188188188188188188188188188188188188188188
189189189189189189189189189189189189189189189189189189189189189189189189189189189189189189189189189189189189189189189189189189189189189189189189189189189189189189189189189189189189189189189189189189189189189189189189189189189189189189189189189189189189189189189189189189189189189189189189189189189189189189189189189189189189189189189189189189189189189189189189189189189189189189189189189189189189189189189189189189189189189189189189189189189189189189189189189189189189189189189189189189189189189189189189189189189189189189189189189189189189189189189189189189189189189189189189189189189189189189189189
190190190190190190190190190190190190190190190190190190190190190190190190190190190190190190190190190190190190190190190190190190190190190190190190190190190190190190190190190190190190190190190190190190190190190190190190190190190190190190190190190190190190190190190190190190190190190190190190190190190190190190190190190190190190190190190190190190190190190190190190190190190190190190190190190190190190190190190190190190190190190190190190190190190190190190190190190190190190190190190190190190190190190190190190190190190190190190190190190190190190190190190190190190190190190190190190190190190190190190190190
191191191191191191191191191191191191191191191191191191191191191191191191191191191191191191191191191191191191191191191191191191191191191191191191191191191191191191191191191191191191191191191191191191191191191191191191191191191191191191191191191191191191191191191191191191191191191191191191191191191191191191191191191191191191191191191191191191191191191191191191191191191191191191191191191191191191191191191191191191191191191191191191191191191191191191191191191191191191191191191191191191191191191191191191191191191191191191191191191191191191191191191191191191191191191191191191191191191191191191191191
1222222222222222222222222222222222222222222222222222222222222222222222222222222222222222222222222222222222222222222222222222222222222222222222222222222222222222222222222222222222222222222222222222222229
193193193193193193193193193193193193193193193193193193193193193193193193193193193193193193193193193193193193193193193193193193193193193193193193193193193193193193193193193193193193193193193193193193193193193193193193193193193193193193193193193193193193193193193193193193193193193193193193193193193193193193193193193193193193193193193193193193193193193193193193193193193193193193193193193193193193193193193193193193193193193193193193193193193193193193193193193193193193193193193193193193193193193193193193193193193193193193193193193193193193193193193193193193193193193193193193193193193193193193193193
194194194194194194194194194194194194194194194194194194194194194194194194194194194194194194194194194194194194194194194194194194194194194194194194194194194194194194194194194194194194194194194194194194194194194194194194194194194194194194194194194194194194194194194194194194194194194194194194194194194194194194194194194194194194194194194194194194194194194194194194194194194194194194194194194194194194194194194194194194194194194194194194194194194194194194194194194194194194194194194194194194194194194194194194194194194194194194194194194194194194194194194194194194194194194194194194194194194194194194194194
195195195195195195195195195195195195195195195195195195195195195195195195195195195195195195195195195195195195195195195195195195195195195195195195195195195195195195195195195195195195195195195195195195195195195195195195195195195195195195195195195195195195195195195195195195195195195195195195195195195195195195195195195195195195195195195195195195195195195195195195195195195195195195195195195195195195195195195195195195195195195195195195195195195195195195195195195195195195195195195195195195195195195195195195195195195195195195195195195195195195195195195195195195195195195195195195195195195195195195195195
196196196196196196196196196196196196196196196196196196196196196196196196196196196196196196196196196196196196196196196196196196196196196196196196196196196196196196196196196196196196196196196196196196196196196196196196196196196196196196196196196196196196196196196196196196196196196196196196196196196196196196196196196196196196196196196196196196196196196196196196196196196196196196196196196196196196196196196196196196196196196196196196196196196196196196196196196196196196196196196196196196196196196196196196196196196196196196196196196196196196196196196196196196196196196196196196196196196196196196196196
197197197197197197197197197197197197197197197197197197197197197197197197197197197197197197197197197197197197197197197197197197197197197197197197197197197197197197197197197197197197197197197197197197197197197197197197197197197197197197197197197197197197197197197197197197197197197197197197197197197197197197197197197197197197197197197197197197197197197197197197197197197197197197197197197197197197197197197197197197197197197197197197197197197197197197197197197197197197197197197197197197197197197197197197197197197197197197197197197197197197197197197197197197197197197197197197197197197197197197197197
198198198198198198198198198198198198198198198198198198198198198198198198198198198198198198198198198198198198198198198198198198198198198198198198198198198198198198198198198198198198198198198198198198198198198198198198198198198198198198198198198198198198198198198198198198198198198198198198198198198198198198198198198198198198198198198198198198198198198198198198198198198198198198198198198198198198198198198198198198198198198198198198198198198198198198198198198198198198198198198198198198198198198198198198198198198198198198198198198198198198198198198198198198198198198198198198198198198198198198198198
199199199199199199199199199199199199199199199199199199199199199199199199199199199199199199199199199199199199199199199199199199199199199199199199199199199199199199199199199199199199199199199199199199199199199199199199199199199199199199199199199199199199199199199199199199199199199199199199199199199199199199199199199199199199199199199199199199199199199199199199199199199199199199199199199199199199199199199199199199199199199199199199199199199199199199199199199199199199199199199199199199199199199199199199199199199199199199199199199199199199199199199199199199199199199199199199199199199199199199199199
200200200200200200200200200200200200200200200200200200200200200200200200200200200200200200200200200200200200200200200200200200200200200200200200200200200200200200200200200200200200200200200200200200200200200200200200200200200200200200200200200200200200200200200200200200200200200200200200200200200200200200200200200200200200200200200200200200200200200200200200200200200200200200200200200200200200200200200200200200200200200200200200200200200200200200200200200200200200200200200200200200200200200200200200200200200200200200200200200200200200200200200200200200200200200200200200200200200200200200200200
201201201201201201201201201201201201201201201201201201201201201201201201201201201201201201201201201201201201201201201201201201201201201201201201201201201201201201201201201201201201201201201201201201201201201201201201201201201201201201201201201201201201201201201201201201201201201201201201201201201201201201201201201201201201201201201201201201201201201201201201201201201201201201201201201201201201201201201201201201201201201201201201201201201201201201201201201201201201201201201201201201201201201201201201201201201201201201201201201201201201201201201201201201201201201201201201201201201201201201201201
